@article{fleiss1981measurement,
title = {The measurement of interrater agreement},
author = {Fleiss, J.L.},
journal = {Statistical methods for rates and proportions.},
pages = {212-236},
year = {1981},
publisher = {John Wiley & Sons}
}

@INPROCEEDINGS{Runeson2007ICSE, 
author={Runeson, P. and Alexandersson, M. and Nyholm, O.}, 
booktitle={Software Engineering, 2007. ICSE 2007. 29th International Conference on}, 
title={Detection of Duplicate Defect Reports Using Natural Language Processing}, 
year={2007}, 
pages={499-510}
}

@INPROCEEDINGS{Canfora2005ISSM, 
author={Canfora, G. and Cerulo, L.}, 
booktitle={Software Metrics, 2005. 11th IEEE International Symposium}, 
title={Impact analysis by mining software and change request repositories}, 
year={2005}, 
pages={9-29}
}

@article{yadla2005tracing,
  title={Tracing requirements to defect reports: an application of information retrieval techniques},
  author={Yadla, Suresh and Hayes, Jane Huffman and Dekhtyar, Alex},
  journal={Innovations in Systems and Software Engineering},
  volume={1},
  number={2},
  pages={116--124},
  year={2005},
  publisher={Springer}
}

@ARTICLE{Hayes2006TSE, 
author={Hayes, J.H. and Dekhtyar, A. and Sundaram, S.K.}, 
journal={Software Engineering, IEEE Transactions on}, 
title={Advancing candidate link generation for requirements tracing: the study of methods}, 
year={2006}, 
volume={32}, 
number={1}, 
pages={4-19}, 
keywords={formal specification;formal verification;software tools;RETRO tool;Requirements Tracing On-target tool;dynamic candidate link generation;independent validation analysis;independent verification analysis;Computer Society;Computer aided software engineering;Feedback;Helium;Information retrieval;Large scale integration;Prototypes;Risk analysis;Spine;System testing;Independent Validation and Verification (IV&V);LSI;Requirements tracing;TF-IDF;Verification and Validation (V&V);dynamic link generation;information retrieval;precision.;recall}, 
doi={10.1109/TSE.2006.3}, 
ISSN={0098-5589}, 
month={Jan},}

@ARTICLE{Hayes2005, 
author={Hayes, J.H. and Dekhtyar, A. and Sundaram, S.K.}, 
journal={Software, IEEE}, 
title={Improving after-the-fact tracing and mapping: supporting software quality predictions}, 
year={2005}, 
volume={22}, 
number={6}, 
pages={30-37}, 
keywords={formal specification;formal verification;information retrieval;software quality;systems analysis;RETRO tool;authoring interface specification;information retrieval technique;requirements engineering;requirements tracing;software development;software engineering;systems engineering;traceability matrices;Automatic testing;Extraterrestrial measurements;Humans;Information retrieval;Internet;Mars;Performance analysis;Proposals;Software quality;Software systems;Requirements tracing;information retrieval;mapping;relevance feedback;traceability}, 
doi={10.1109/MS.2005.156}, 
ISSN={0740-7459}, 
month={Nov},}

@INPROCEEDINGS{Lormans2006CSRM, 
author={Lormans, M. and van Deursen, A.}, 
booktitle={Software Maintenance and Reengineering, 2006. CSMR 2006. Proceedings of the 10th European Conference on}, 
title={Can LSI help reconstructing requirements traceability in design and test?}, 
year={2006}, 
pages={10 pp.-56}, 
keywords={indexing;information retrieval;program diagnostics;software engineering;information retrieval;latent semantic indexing;software development process;traceability data management;traceability reconstruction;Data mining;Indexing;Industrial relations;Information retrieval;Java;Large scale integration;Programming;Software development management;System testing;Technology management}, 
doi={10.1109/CSMR.2006.13}, 
ISSN={1534-5351}, 
month={March},}

@INPROCEEDINGS{Maldonado2015MTD, 
	author={da Silva Maldonado, E. and Shihab, E.}, 
	booktitle={Proceedings of the Seventh International Workshop on Managing Technical Debt}, 
	title={Detecting and Quantifying Different Types of Self-Admitted Technical Debt}, 
	year={2015}, 
	pages={1-7}
}


@article{Cunningham1992WPM,
 author = {Cunningham, Ward},
 title = {The WyCash Portfolio Management System},
 journal = {SIGPLAN OOPS Mess.},
 issue_date = {April 1993},
 volume = {4},
 number = {2},
 month = dec,
 year = {1992},
 issn = {1055-6400},
 pages = {29--30},
 numpages = {2},
 url = {http://doi.acm.org/10.1145/157710.157715},
 doi = {10.1145/157710.157715},
 acmid = {157715},
 publisher = {ACM},
 address = {New York, NY, USA},
}

@ARTICLE{Lim2012Software, 
	author={Lim, E. and Taksande, N. and Seaman, C.}, 
	journal={IEEE Software}, 
	title={A Balancing Act: What Software Practitioners Have to Say about Technical Debt}, 
	year={2012}, 
	month={Nov}, 
	volume={29}, 
	number={6}, 
	pages={22-27}
}

@ARTICLE{Moha2010TSE, 
	author={Moha, N. and Guéhéneuc, Y. and Duchien, L. and Le Meur, A.}, 
	journal={IEEE Transactions on Software Engineering}, 
	title={DECOR: A Method for the Specification and Detection of Code and Design Smells}, 
	year={2010}, 
	month={Jan}, 
	volume={36}, 
	number={1}, 
	pages={20-36},}


@INPROCEEDINGS{Palomba2013, 
	author={Palomba, F. and Bavota, G. and Di Penta, M. and Oliveto, R. and De Lucia, A. and Poshyvanyk, D.}, 
	booktitle={Proceedings of the IEEE/ACM 28th International Conference on Automated Software Engineering}, 
	title={Detecting bad smells in source code using change history information}, 
	year={2013}, 
	--month={Nov}, 
	pages={268-278}, 
	keywords={fault tolerant computing;software maintenance;software management;source code (software);HIST;Historical Information for Smell deTection;Java;bad smells detection;blob;change history information;code elements;code smells;divergent change;fault proneness;feature envy;parallel inheritance;shotgun surgery;smell detectors;software projects;source code analysis;structural information;versioning systems;Association rules;Detectors;Feature extraction;History;Measurement;Surgery;Change History Information;Code Smells}, 
	doi={10.1109/ASE.2013.6693086},}

@ARTICLE{Tsantalis2009TSE, 
	author={Tsantalis, N. and Chatzigeorgiou, A.}, 
	journal={IEEE Transactions on Software Engineering}, 
	title={Identification of Move Method Refactoring Opportunities}, 
	year={2009}, 
	month={May}, 
	volume={35}, 
	number={3}, 
	pages={347-367}, 
	keywords={object-oriented programming;software maintenance;software metrics;Move Method refactoring opportunity identification;conceptual criteria;feature envy;object-oriented system;software metrics;Feature Envy;Jaccard distance;Move Method refactoring;design quality.;object-oriented design}, 
	doi={10.1109/TSE.2009.1}, 
	ISSN={0098-5589},}

@inproceedings{Tsantalis2008CSMR, 
	author={Tsantalis, N. and Chaikalis, T. and Chatzigeorgiou, A.}, 
	booktitle={Proceedings of the 12th European Conference on Software Maintenance and Reengineering}, 
	title={JDeodorant: Identification and Removal of Type-Checking Bad Smells}, 
	year={2008}, 
	--month={April}, 
	pages={329-331}, 
	keywords={Java;polymorphism;software maintenance;software quality;source coding;Eclipse plug-in;JDeodorant;Java source code;polymorphism;refactorings;software maintenance;software quality;type-checking bad smells;Employment;Gettering;Informatics;Java;Object oriented programming;Programming profession;Runtime;Software maintenance;Software quality;Switches;Object oriented programming;Software maintenance;Software quality}, 
	doi={10.1109/CSMR.2008.4493342}, 
	ISSN={1534-5351},
}

@incollection{Seaman2011,
	title = "Measuring and Monitoring Technical Debt",
	editor = "Marvin V. Zelkowitz",
	booktitle = "Advances in Computers",
	publisher = "Elsevier",
	year = "2011",
	volume = "82",
	pages = "25-46",
	--series = "Advances in Computers",
	issn = "0065-2458",
	doi = "http://dx.doi.org/10.1016/B978-0-12-385512-1.00002-5",
	--url = "http://www.sciencedirect.com/science/article/pii/B9780123855121000025",
	author = "Carolyn Seaman and Yuepu Guo"
}

@INPROCEEDINGS{Alves2014MTD, 
	author={Alves, N.S.R. and Ribeiro, L.F. and Caires, V. and Mendes, T.S. and Spinola, R.O.}, 
	booktitle={Proceedings of the Sixth International Workshop on Managing Technical Debt}, 
	title={Towards an Ontology of Terms on Technical Debt}, 
	year={2014}, 
	--month={Sept}, 
	pages={1-7}, 
	keywords={ontologies (artificial intelligence);software development management;software quality;ontology design quality criteria;research and development activities;technical debt landscape;vocabulary;Computer architecture;Documentation;OWL;Ontologies;Organizations;Software;Vocabulary;ontology;software maintenance;technical debt;technical debt indicators;technical debt types}, 
	doi={10.1109/MTD.2014.9},}

@ARTICLE{Marinescu2012IBM, 
	author={Marinescu, R.}, 
	journal={IBM Journal of Research and Development}, 
	title={Assessing technical debt by identifying design flaws in software systems}, 
	year={2012}, 
	month={Sept}, 
	volume={56}, 
	number={5}, 
	pages={9:1-9:13}, 
	keywords={Complexity theory;Cost benefit analysis;Design methodology;Maintenance engineering;Product development;Software systems;Systematics;Time to market}, 
	doi={10.1147/JRD.2012.2204512}, 
	ISSN={0018-8646},}

@INPROCEEDINGS{Fontana2012MTD, 
	author={Fontana, F.A. and Ferme, V. and Spinelli, S.}, 
	booktitle={Proceedings of the Third International Workshop on Managing Technical Debt}, 
	title={Investigating the impact of code smells debt on quality code evaluation}, 
	year={2012}, 
	--month={June}, 
	pages={15-22}, 
	keywords={public domain software;software maintenance;software metrics;software quality;application domain;code smell refactoring;code smells debt;design debt;open source system;quality code evaluation;software quality metrics;technical debt;Application software;Complexity theory;Generators;Measurement;Programming;Software quality;code smell refactoring;design debt;software quality metrics}, 
	doi={10.1109/MTD.2012.6225993},}

@article{Kruchten2013IWMTD,
	author = {Kruchten, Philippe and Nord, Robert L. and Ozkaya, Ipek and Falessi, Davide},
	title = {Technical Debt: Towards a Crisper Definition Report on the 4th International Workshop on Managing Technical Debt},
	journal = {SIGSOFT Softw. Eng. Notes},
	issue_date = {September 2013},
	volume = {38},
	number = {5},
	month = Aug,
	year = {2013},
	issn = {0163-5948},
	pages = {51--54},
	numpages = {4},
	--url = {http://doi.acm.org/10.1145/2507288.2507326},
	doi = {10.1145/2507288.2507326},
	acmid = {2507326},
	publisher = {ACM},
	address = {New York, NY, USA},
	keywords = {software economics, software evolution, software quality, state of the practice, technical debt},
} 


@INPROCEEDINGS{Storey2008ICSE, 
	author={Storey, M. and Ryall, J. and Bull, R.I. and Myers, D. and Singer, J.}, 
	booktitle={Proceedings of the ACM/IEEE 30th International Conference on Software Engineering}, 
	title={TODO or to bug}, 
	year={2008}, 
	--month={May}, 
	pages={251-260}, 
	keywords={groupware;program debugging;public domain software;task analysis;TODO;To Bug;collaborative activity;open source projects;software developers;task annotations;task management;Collaborative software;Collaborative tools;Collaborative work;Embedded software;Open source software;Programming profession;Project management;Protocols;Software development management;Software tools;source code comments;task annotations;work practices}, 
	doi={10.1145/1368088.1368123}, 
	ISSN={0270-5257},}

@INPROCEEDINGS{Fluri2007WCRE, 
	author={Fluri, B. and Wursch, M. and Gall, H.C.}, 
	booktitle={Proceedings of the 14th Working Conference on Reverse Engineering}, 
	title={Do Code and Comments Co-Evolve? On the Relation between Source Code and Comment Changes}, 
	year={2007}, 
	--month={Oct}, 
	pages={70-79}, 
	keywords={public domain software;reverse engineering;software maintenance;ArgoUML;Azureus;JDT Core;code evolution;comment change;open source systems;program maintenance;program understanding;software development;software system;source code change;Costs;Data mining;History;Informatics;Open source software;Reverse engineering;Software architecture;Software maintenance;Software systems;Taxonomy}, 
	doi={10.1109/WCRE.2007.21}, 
	ISSN={1095-1350},}

@INPROCEEDINGS{Tan2012ICST, 
	author={Shin Hwei Tan and Marinov, D. and Lin Tan and Leavens, G.T.}, 
	booktitle={Proceedings of the IEEE Fifth International Conference on Software Testing, Verification and Validation}, 
	title={@tComment: Testing Javadoc Comments to Detect Comment-Code Inconsistencies}, 
	year={2012}, 
	--month={April}, 
	pages={260-269}, 
	keywords={Java;application program interfaces;formal specification;natural language processing;program testing;text analysis;@TCOMMENT;API specification;English text analysis;Javadoc comment testing;comment-code inconsistency detection;software artifact;Arrays;Contracts;Educational institutions;Java;Libraries;Synchronization;Testing;comment analysis;random testing;test generation}, 
	doi={10.1109/ICST.2012.106},}

@INPROCEEDINGS{Malik2008ICSM, 
	author={Malik, H. and Chowdhury, I. and Hsiao-Ming Tsou and Zhen Ming Jiang and Hassan, A.E.}, 
	booktitle={Proceedings of the IEEE International Conference on Software Maintenance}, 
	title={Understanding the rationale for updating a function comment}, 
	year={2008}, 
	--month={Sept}, 
	pages={167-176}, 
	keywords={SQL;database management systems;pattern clustering;public domain software;random processes;FreeBSD;GCluster;PostgreSQL;compilers;database management system;function comment;open source projects;random forests algorithm;sensitivity analysis;software application;Accuracy;Application software;Clustering algorithms;Costs;Database systems;History;Programming profession;Sensitivity analysis;Software engineering;Writing}, 
	doi={10.1109/ICSM.2008.4658065}, 
	ISSN={1063-6773},}


@inproceedings{reffinder,
	author = {Kim, Miryung and Gee, Matthew and Loh, Alex and Rachatasumrit, Napol},
	title = {Ref-Finder: A Refactoring Reconstruction Tool Based on Logic Query Templates},
	booktitle = {Proceedings of the Eighteenth ACM SIGSOFT International Symposium on Foundations of Software Engineering},
	--series = {FSE '10},
	year = {2010},
	isbn = {978-1-60558-791-2},
	location = {Santa Fe, New Mexico, USA},
	pages = {371--372},
	numpages = {2},
	--url = {http://doi.acm.org/10.1145/1882291.1882353},
	doi = {10.1145/1882291.1882353},
	acmid = {1882353},
	publisher = {ACM},
	address = {New York, NY, USA},
	keywords = {logic-based program representation, program differencing, refactoring, software evolution},
} 

@inproceedings{fokaefs2007ICSM,
	title={Jdeodorant: Identification and removal of feature envy bad smells},
	author={Fokaefs, Marios and Tsantalis, Nikolaos and Chatzigeorgiou, Alexander},
	booktitle={Proceedings of the IEEE International Conference on Software Maintenance},
	pages={519--520},
	year={2007}
}

@inproceedings{fokaefs2011ICSE,
	title={JDeodorant: identification and application of extract class refactorings},
	author={Fokaefs, Marios and Tsantalis, Nikolaos and Stroulia, Eleni and Chatzigeorgiou, Alexander},
	booktitle={Proceedings of the 33rd International Conference on Software Engineering},
	pages={1037--1039},
	year={2011},
	organization={ACM}
}

@inproceedings{Marinescu2010CSMR, 
	author={Marinescu, R. and Ganea, G. and Verebi, I.}, 
	booktitle={Proceedings of the 14th European Conference on Software Maintenance and Reengineering}, 
	title={InCode: Continuous Quality Assessment and Improvement}, 
	year={2010}, 
	--month={March}, 
	pages={274-275}, 
	keywords={Java;life cycle costing;software prototyping;software quality;software tools;Eclipe plugin;IDE;InCode;Java system;QA tool;agile process;code inspection;continuous quality assessment;continuous quality improvement;development life-cycle;Computational modeling;Context;Inspection;Java;Measurement;Quality assessment;Software systems;quality assessment;quality improvement}, 
	doi={10.1109/CSMR.2010.44}, 
	ISSN={1534-5351},
}

@INPROCEEDINGS{Marinescu2004ICSM, 
	author={Marinescu, R.}, 
	booktitle={Proceedings of the 20th IEEE International Conference on Software Maintenance}, 
	title={Detection strategies: metrics-based rules for detecting design flaws}, 
	year={2004}, 
	--month={Sept}, 
	pages={350-359}, 
	keywords={object-oriented programming;program debugging;software maintenance;software metrics;abnormal metric value;design flaw detection;design heuristics;detection strategy;isolation metrics;metrics-based rule;object-oriented design;object-oriented software system;quality assurance;software maintenance;Computer science;Design engineering;Diseases;Intelligent systems;Large-scale systems;Maintenance engineering;Object oriented modeling;Software design;Software maintenance;Software systems}, 
	doi={10.1109/ICSM.2004.1357820}, 
	ISSN={1063-6773},}

@inproceedings{Potdar2014ICSME, 
	author={Potdar, Aniket and Shihab, Emad}, 
	booktitle={Proceedings of the IEEE International Conference on Software Maintenance and Evolution}, 
	title={An Exploratory Study on Self-Admitted Technical Debt}, 
	year={2014}, 
	--month={Sept}, 
	pages={91-100}, 
	keywords={Chromium;Complexity theory;Computer hacking;Correlation;Java;Software maintenance;Software comments;Technical debt}, 
	doi={10.1109/ICSME.2014.31}, 
	ISSN={1063-6773},
}

@book{Martin2009clean,
	added-at = {2013-01-23T11:51:24.000+0100},
	address = {Upper Saddle River, NJ},
	author = {Martin, Robert C. and Coplien, James O.},
	biburl = {http://www.bibsonomy.org/bibtex/2e29f9b33e5248487d264ab2675b2fa4d/schmidt2},
	description = {Clean Code: A Handbook of Agile Software Craftsmanship (Robert C. Martin): Amazon.de: Robert C. Martin: Englische Bücher},
	interhash = {1e289010517ac5bcb0210ef4996e1c98},
	intrahash = {e29f9b33e5248487d264ab2675b2fa4d},
	isbn = {9780132350884 0132350882},
	keywords = {agile bib books clean_code fs_recommended reading software_craftsmanship},
	publisher = {Prentice Hall},
	refid = {804295588},
	timestamp = {2013-01-23T11:51:24.000+0100},
	title = {Clean code: a handbook of agile software craftsmanship},
	--url = {https://www.amazon.de/gp/product/0132350882/ref=oh_details_o00_s00_i00},
	year = 2009
}

@book{fowler1999refactoring,
	added-at = {2012-08-23T16:49:27.000+0200},
	address = {Reading, MA},
	author = {Fowler, Martin and Beck, Kent},
	biburl = {http://www.bibsonomy.org/bibtex/299c8d182c040a3517bb322638411232d/yfpeng},
	interhash = {308ec924a9ca7a19137250868b475963},
	intrahash = {99c8d182c040a3517bb322638411232d},
	isbn = {0201485672 9780201485677},
	keywords = {book java refactoring},
	publisher = {Addison-Wesley},
	refid = {41017370},
	timestamp = {2012-08-23T16:49:27.000+0200},
	title = {Refactoring : improving the design of existing code},
	--url = {http://www.worldcat.org/search?qt=worldcat_org_all&q=0201485672},
	year = 1999
}

@book{brown1998antipatterns,
	added-at = {2010-11-23T17:38:05.000+0100},
	asin = {0471197130},
	author = {Brown, William J. and Malveau, Raphael C. and McCormick, Hays W. and Mowbray, Thomas J.},
	biburl = {http://www.bibsonomy.org/bibtex/2c893d9d1391d31885d6c1a3e215f71a9/schmidt2},
	description = {AntiPatterns: Refactoring Software, Architectures, and Projects in Crisis: Refactoring Software, Architecture and Projects in Crisis: William J. Brown, Raphael C. Malveau, Hays W. "Skip" McCormick, Thomas J. Mowbray: Englische Bücher},
	dewey = {005.1},
	ean = {9780471197133},
	edition = {1. Auflage},
	interhash = {1ddde90f715ecbbf4a21010252e83a6a},
	intrahash = {c893d9d1391d31885d6c1a3e215f71a9},
	isbn = {0471197130},
	keywords = {books software wiley anti_patterns},
	publisher = {John Wiley and Sons},
	timestamp = {2010-11-23T17:38:05.000+0100},
	title = {AntiPatterns: Refactoring Software, Architectures, and Projects in Crisis: Refactoring Software, Architecture and Projects in Crisis},
	year = 1998
}

@inproceedings{Zazworka2011MTD,
	author = {Zazworka, Nico and Shaw, Michele A. and Shull, Forrest and Seaman, Carolyn},
	title = {Investigating the Impact of Design Debt on Software Quality},
	booktitle = {Proceedings of the Second Workshop on Managing Technical Debt},
	--series = {MTD '11},
	year = {2011},
	isbn = {978-1-4503-0586-0},
	location = {Waikiki, Honolulu, HI, USA},
	pages = {17--23},
	numpages = {7},
	--url = {http://doi.acm.org/10.1145/1985362.1985366},
	doi = {10.1145/1985362.1985366},
	acmid = {1985366},
	--publisher = {ACM},
	--address = {New York, NY, USA},
	keywords = {code smells, design debt, god class, maintainability, refactoring, technical debt},
} 

@inproceedings{Weissgerber2006ASE, 
	author={Weissgerber, P. and Diehl, S.}, 
	booktitle={Proceedings of the 21st IEEE/ACM International Conference on Automated Software Engineering}, 
	title={Identifying Refactorings from Source-Code Changes}, 
	year={2006}, 
	--month={Sept}, 
	pages={231-240}, 
	keywords={configuration management;data mining;refactoring identification;software changes;source-code changes;Application software;Computer errors;Computer science;Data mining;Databases;Documentation;History;Open source software;Programming profession;Software tools}, 
	doi={10.1109/ASE.2006.41}, 
	ISSN={1938-4300},
}

@inproceedings{Zazworka2013CSE,
	author = {Zazworka, Nico and Sp\'{\i}nola, Rodrigo O. and Vetro', Antonio and Shull, Forrest and Seaman, Carolyn},
	title = {A Case Study on Effectively Identifying Technical Debt},
	booktitle = {Proceedings of the 17th International Conference on Evaluation and Assessment in Software Engineering},
	--series = {EASE '13},
	year = {2013},
	isbn = {978-1-4503-1848-8},
	location = {Porto de Galinhas, Brazil},
	pages = {42--47},
	numpages = {6},
	--url = {http://doi.acm.org/10.1145/2460999.2461005},
	doi = {10.1145/2460999.2461005},
	acmid = {2461005},
	--publisher = {ACM},
	--address = {New York, NY, USA},
	keywords = {automatic static analysis, code smells, software maintenance, technical debt},
} 

@inproceedings{Brown2010MTD,
	author = {Brown, Nanette and Cai, Yuanfang and Guo, Yuepu and Kazman, Rick and Kim, Miryung and Kruchten, Philippe and Lim, Erin and MacCormack, Alan and Nord, Robert and Ozkaya, Ipek and Sangwan, Raghvinder and Seaman, Carolyn and Sullivan, Kevin and Zazworka, Nico},
	title = {Managing Technical Debt in Software-reliant Systems},
	booktitle = {Proceedings of the FSE/SDP Workshop on Future of Software Engineering Research},
	--series = {FoSER '10},
	year = {2010},
	isbn = {978-1-4503-0427-6},
	location = {Santa Fe, New Mexico, USA},
	pages = {47--52},
	numpages = {6},
	--url = {http://doi.acm.org/10.1145/1882362.1882373},
	doi = {10.1145/1882362.1882373},
	acmid = {1882373},
	--publisher = {ACM},
	--address = {New York, NY, USA},
	keywords = {cost-benefit analysis, design decision trade-off, large-scale system development, software metrics, technical debt},
} 

@misc{Eclipse:home,
	title = {{Eclipse homepage}},
	howpublished = {\url{https://eclipse.org/home/index.php}},
	note = {Accessed: 2014-12-12}
}

@misc{Openhub:home,
	title = {{OpenHub homepage}},
	howpublished = {\url{https://www.openhub.net/}},
	note = {Accessed: 2014-12-12}
}

@misc{Eclipse:ast,
	title = {{Eclipse AST article}},
	howpublished = {\url{http://eclipse.org/articles/article.php?file=Article-JavaCodeManipulation_AST/index.html}},
	note = {Accessed: 2014-12-12}
}

@misc{JDeodorant:repository,
	title = {{JDeodorant Source code repository}},
	howpublished = {\url{https://github.com/tsantalis/JDeodorant.git}},
	note = {Accessed: 2014-12-12}
}

@misc{wheeler2004:home,
  title={SLOC count user’s guide},
  author={Wheeler, David A},
  journal={2014-01-12]. http://www. dwheeler. com/sloccount/sloccount. html},
  year={2004}
}


@article{cohen1960coefficient,
  title={A coefficient of agreement for nominal scales},
  author={Cohen, Jacob and others},
  journal={Educational and psychological measurement},
  volume={20},
  number={1},
  pages={37--46},
  year={1960},
  publisher={Durham}
}

@InProceedings{Manning2014ACL,
  author    = {Manning, Christopher D. and  Surdeanu, Mihai  and  Bauer, John  and  Finkel, Jenny  and  Bethard, Steven J. and  McClosky, David},
  title     = {The {Stanford} {CoreNLP} Natural Language Processing Toolkit},
  booktitle = {Proceedings of 52nd Annual Meeting of the Association for Computational Linguistics: System Demonstrations},
  year      = {2014},
  --month     = {June},
  address   = {Baltimore, Maryland},
  publisher = {Association for Computational Linguistics},
  pages     = {55--60},
  url       = {http://www.aclweb.org/anthology/P/P14/P14-5010}
}


@inproceedings{Fontana:2015,
	author = {Fontana, Francesca Arcelli and Ferme, Vincenzo and Zanoni, Marco and Yamashita, Aiko},
	title = {Automatic Metric Thresholds Derivation for Code Smell Detection},
	booktitle = {Proceedings of the Sixth International Workshop on Emerging Trends in Software Metrics},
	series = {WETSoM '15},
	year = {2015},
	location = {Florence, Italy},
	pages = {44--53},
	numpages = {10},
	url = {http://dl.acm.org/citation.cfm?id=2821491.2821501},
	acmid = {2821501},
	publisher = {IEEE Press},
	address = {Piscataway, NJ, USA},
} 

@INPROCEEDINGS{Oliveira:2014, 
	author={Oliveira, P. and Valente, M.T. and Paim Lima, F.}, 
	booktitle={IEEE Conference on Software Maintenance, Reengineering and Reverse Engineering (CSMR-WCRE)}, 
	title={Extracting relative thresholds for source code metrics}, 
	year={2014}, 
	pages={254-263}, 
	keywords={software metrics;software quality;source code (software);design practices;heavy-tailed distributions;metric thresholds;metrics data evaluation;real systems;relative thresholds;software systems quality;source code entities;source code metrics;Complexity theory;Couplings;Java;Measurement;Proposals;Software quality;Relative thresholds;Software measurement;Software quality;Source code metrics}, 
	doi={10.1109/CSMR-WCRE.2014.6747177}, 
	month={Feb},
}

@inproceedings{Ferme:2013,
	title={Is it a Real Code Smell to be Removed or not?},
	author={Ferme, Vincenzo and Marino, Alessandro and Fontana, Francesca Arcelli},
	booktitle={International Workshop on Refactoring \& Testing},
	series = {RefTest '13},
	year={2013}
}

@article{Fontana:EMSE:2015,
	year={2015},
	issn={1382-3256},
	journal={Empirical Software Engineering},
	doi={10.1007/s10664-015-9378-4},
	title={Comparing and experimenting machine learning techniques for code smell detection},
	url={http://dx.doi.org/10.1007/s10664-015-9378-4},
	publisher={Springer US},
	keywords={Code smells detection; Machine learning techniques; Benchmark for code smell detection},
	author={Arcelli Fontana, Francesca and Mäntylä, MikaV. and Zanoni, Marco and Marino, Alessandro},
	pages={1-49},
	language={English}
}

@INPROCEEDINGS{Nord2012WICSA, 
author={Nord, R. L. and Ozkaya, I. and Kruchten, P. and Gonzalez-Rojas, M.}, 
booktitle={Software Architecture (WICSA) and European Conference on Software Architecture (ECSA), 2012 Joint Working IEEE/IFIP Conference on}, 
title={In Search of a Metric for Managing Architectural Technical Debt}, 
year={2012}, 
pages={91-100}
}