@INPROCEEDINGS{Maldonado2015MTD, 
	author={da Silva Maldonado, E. and Shihab, E.}, 
	booktitle={Proceedings of the Seventh International Workshop on Managing Technical Debt}, 
	title={Detecting and Quantifying Different Types of Self-Admitted Technical Debt}, 
	year={2015}, 
	--month={Sept}, 
	pages={1-7}, 
	--keywords={ontologies (artificial intelligence);software development management;software quality;ontology design quality criteria;research and development activities;technical debt landscape;vocabulary;Computer architecture;Documentation;OWL;Ontologies;Organizations;Software;Vocabulary;ontology;software maintenance;technical debt;technical debt indicators;technical debt types}, 
	--doi={10.1109/MTD.2014.9},
	}






