@inproceedings{Cunningham1992WPM,
    author = {Cunningham, Ward},
    title = {The WyCash Portfolio Management System},
    booktitle = {Addendum to the Proceedings on Object-oriented Programming Systems, Languages, and Applications},
    year = {1992},
    pages = {29--30},
    --series = {OOPSLA '92},
    --isbn = {0-89791-610-7},
    --location = {Vancouver, British Columbia, Canada},
    --numpages = {2},
    --url = {http://doi.acm.org/10.1145/157709.157715},
    --doi = {10.1145/157709.157715},
    --acmid = {157715},
    --publisher = {ACM},
    --address = {New York, NY, USA},
} 

@incollection{Seaman2011,
    author = {Carolyn Seaman and Yuepu Guo},
    title = {Chapter 2 - Measuring and Monitoring Technical Debt },
    booktitle = {},
    publisher = {Elsevier},
    year = {2011},
    editor = {Marvin V. Zelkowitz},
    volume = {82},
    pages = {25--46},
    series = {Advances in Computers },
    --issn = {0065-2458},
    --doi = {http://dx.doi.org/10.1016/B978-0-12-385512-1.00002-5},
    --url = {http://www.sciencedirect.com/science/article/pii/B9780123855121000025},
}

@article{Kruchten2013IWMTD,
    author = {Kruchten, Philippe and Nord, Robert L. and Ozkaya, Ipek and Falessi, Davide},
    title = {Technical Debt: Towards a Crisper Definition Report on the 4th International Workshop on Managing Technical Debt},
    year = {2013},
    journal = {SIGSOFT Softw. Eng. Notes},
    volume = {38},
    number = {5},
    pages = {51--54},
    month = {Aug},
    --issn = {0163-5948},
    --numpages = {4},
    --url = {http://doi.acm.org/10.1145/2507288.2507326},
    --doi = {10.1145/2507288.2507326},
    --acmid = {2507326},
    --publisher = {ACM},
    --address = {New York, NY, USA},
    --keywords = {software economics, software evolution, software quality, state of the practice, technical debt},
} 

@article{Lim2012Software, 
    author={Lim, E. and Taksande, N. and Seaman, C.}, 
    title={A Balancing Act: What Software Practitioners Have to Say about Technical Debt}, 
    year={2012}, 
    journal={IEEE Software}, 
    volume={29}, 
    number={6}, 
    month={Nov},
    pages={22--27}, 
    --issn={0740-7459}, 
    --doi={10.1109/MS.2012.130}, 
    --keywords={DP industry;project management;software development management;software quality;project management;software practitioner;software quality;technical debt;Documentation;Interviews;Investments;Risk management;Software quality;Software testing;maintenance management;software engineering;software maintenance;technical debt}, 
}

@inproceedings{Alves2014MTD, 
    author={Alves, N.S.R. and Ribeiro, L.F. and Caires, V. and Mendes, T.S. and Spinola, R.O.}, 
    title={Towards an Ontology of Terms on Technical Debt}, 
    booktitle={Proceedings of the 6th International Workshop on Managing Technical Debt}, 
    year={2014}, 
    pages={1--7}, 
    month={Sept},
    --doi={10.1109/MTD.2014.9}, 
    --keywords={ontologies (artificial intelligence);software development management;software quality;ontology design quality criteria;research and development activities;technical debt landscape;vocabulary;Computer architecture;Documentation;OWL;Ontologies;Organizations;Software;Vocabulary;ontology;software maintenance;technical debt;technical debt indicators;technical debt types}, 
}

@article{Marinescu2012IBM, 
    author={Marinescu, R.}, 
    journal={IBM Journal of Research and Development}, 
    title={Assessing Technical Debt by Identifying Design Flaws in Software Systems}, 
    year={2012}, 
    volume={56}, 
    number={5}, 
    month={Sept},
    pages={9:1--9:13}, 
    --keywords={Complexity theory;Cost benefit analysis;Design methodology;Maintenance engineering;Product development;Software systems;Systematics;Time to market}, 
    --doi={10.1147/JRD.2012.2204512}, 
    --ISSN={0018-8646}, 
}

@inproceedings{Marinescu2004ICSM, 
    author={Marinescu, R.}, 
    title={Detection Strategies: Metrics-Based Rules for Detecting Design Flaws}, 
    booktitle={Proceedings of the 20th IEEE International Conference on Software Maintenance}, 
    year={2004}, 
    pages={350--359}, 
    month={Sept},
    --ISSN={1063-6773}, 
    --doi={10.1109/ICSM.2004.1357820}, 
    --keywords={object-oriented programming;program debugging;software maintenance;software metrics;abnormal metric value;design flaw detection;design heuristics;detection strategy;isolation metrics;metrics-based rule;object-oriented design;object-oriented software system;quality assurance;software maintenance;Computer science;Design engineering;Diseases;Intelligent systems;Large-scale systems;Maintenance engineering;Object oriented modeling;Software design;Software maintenance;Software systems}, 
}

@inproceedings{Marinescu2010CSMR, 
    author={Marinescu, R. and Ganea, G. and Verebi, I.}, 
    title={InCode: Continuous Quality Assessment and Improvement}, 
    booktitle={Proceedings of the 14th European Conference on Software Maintenance and Reengineering}, 
    year={2010}, 
    pages={274--275}, 
    month={March}, 
    --ISSN={1534-5351},
    --doi={10.1109/CSMR.2010.44}, 
    --keywords={Java;life cycle costing;software prototyping;software quality;software tools;Eclipe plugin;IDE;InCode;Java system;QA tool;agile process;code inspection;continuous quality assessment;continuous quality improvement;development life-cycle;Computational modeling;Context;Inspection;Java;Measurement;Quality assessment;Software systems;quality assessment;quality improvement}, 
}

@inproceedings{Zazworka2013CSE,
    author = {Zazworka, Nico and Sp\'{\i}nola, Rodrigo O. and Vetro, Antonio and Shull, Forrest and Seaman, Carolyn},
    title = {A Case Study on Effectively Identifying Technical Debt},
    booktitle = {Proceedings of the 17th International Conference on Evaluation and Assessment in Software Engineering},
    year = {2013},
    pages = {42--47},
    month={April},
    --series = {EASE '13},
    --isbn = {978-1-4503-1848-8},
    --location = {Porto de Galinhas, Brazil},
    --numpages = {6},
    --url = {http://doi.acm.org/10.1145/2460999.2461005},
    --doi = {10.1145/2460999.2461005},
    --acmid = {2461005},
    --publisher = {ACM},
    --address = {New York, NY, USA},
    --keywords = {automatic static analysis, code smells, software maintenance, technical debt},
} 

@inproceedings{Potdar2014ICSME, 
    author={Potdar, Aniket and Shihab, Emad}, 
    title={An Exploratory Study on Self-Admitted Technical Debt}, 
    booktitle={Proceedings of the IEEE International Conference on Software Maintenance and Evolution}, 
    year={2014}, 
    pages={91--100}, 
    month={Sept}, 
    --keywords={Chromium;Complexity theory;Computer hacking;Correlation;Java;Software maintenance;Software comments;Technical debt}, 
    --doi={10.1109/ICSME.2014.31}, 
    --ISSN={1063-6773},
}

@inproceedings{Maldonado2015MTD, 
    author={Maldonado, Everton da S. and Shihab, Emad}, 
    booktitle={Proceedings of the 7th International Workshop on Managing Technical Debt}, 
    title={Detecting and Quantifying Different Types of Self-Admitted Technical Debt}, 
    year={2015}, 
    pages={9--15}, 
    month={Oct},
    --keywords={Context;Data mining;Documentation;Java;Licenses;Maintenance engineering;Software}, 
    --doi={10.1109/MTD.2015.7332619}, 
}

@inproceedings{Oliveira2014CSMR, 
    author={Oliveira, P. and Valente, M.T. and Paim Lima, F.}, 
    booktitle={Proceedings of the IEEE Conference on Software Maintenance, Reengineering and Reverse Engineering}, 
    title={Extracting relative thresholds for source code metrics}, 
    year={2014}, 
    pages={254--263}, 
    month={Feb},
    --series={CSMR-WCRE},
    --keywords={software metrics;software quality;source code (software);design practices;heavy-tailed distributions;metric thresholds;metrics data evaluation;real systems;relative thresholds;software systems quality;source code entities;source code metrics;Complexity theory;Couplings;Java;Measurement;Proposals;Software quality;Relative thresholds;Software measurement;Software quality;Source code metrics}, 
    --doi={10.1109/CSMR-WCRE.2014.6747177}, 
}

@inproceedings{Fontana2015WETSoM,
    author = {Fontana, Francesca Arcelli and Ferme, Vincenzo and Zanoni, Marco and Yamashita, Aiko},
    booktitle = {Proceedings of the Sixth International Workshop on Emerging Trends in Software Metrics},
    title = {Automatic Metric Thresholds Derivation for Code Smell Detection},
    year = {2015},
    pages = {44--53},
    month ={May},
    --series = {WETSoM '15},
    --location = {Florence, Italy},
    --numpages = {10},
    --url = {http://dl.acm.org/citation.cfm?id=2821491.2821501},
    --acmid = {2821501},
    --publisher = {IEEE Press},
    --address = {Piscataway, NJ, USA},
}

@article{Fontana2015EMSE,
    author={Arcelli Fontana, Francesca and M{\"a}ntyl{\"a}, MikaV. and Zanoni, Marco and Marino, Alessandro},
    title={Comparing and experimenting machine learning techniques for code smell detection},
    year={2015},
    journal={Empirical Software Engineering},
    volume={},
    number={},
    month={Jun},
    pages={1--49},
    --issn={1382-3256},
    --doi={10.1007/s10664-015-9378-4},
    --url={http://dx.doi.org/10.1007/s10664-015-9378-4},
    --publisher={Springer US},
    --keywords={Code smells detection; Machine learning techniques; Benchmark for code smell detection},
    --language={English}
}

@inproceedings{Manning2014ACL,
    author= {Manning, Christopher D. and  Surdeanu, Mihai  and  Bauer, John  and  Finkel, Jenny  and  Bethard, Steven J. and  McClosky, David},
    booktitle= {Proceedings of 52nd Annual Meeting of the Association for Computational Linguistics: System Demonstrations},
    title= {The {Stanford} {CoreNLP} Natural Language Processing Toolkit},
    year= {2014},
    pages= {55--60},
    month= {June},
    --address= {Baltimore, Maryland},
    --publisher= {Association for Computational Linguistics},
    --url= {http://www.aclweb.org/anthology/P/P14/P14-5010}
}

@manual{wheeler2004:home,
    title={SLOC count user’s guide},
    author={Wheeler, David A},
    year={2004},
    --url={http://www.dwheeler.com/sloccount/sloccount.html},
}

@misc{Openhub:home,
    title = {{OpenHub homepage}},
    howpublished = {\url{https://www.openhub.net/}},
    note = {Accessed: 2014-12-12}
}

@inproceedings{Tsantalis2008CSMR, 
    author={Tsantalis, N. and Chaikalis, T. and Chatzigeorgiou, A.}, 
    booktitle={Proceedings of the 12th European Conference on Software Maintenance and Reengineering}, 
    title={JDeodorant: Identification and Removal of Type-Checking Bad Smells}, 
    year={2008}, 
    pages={329--331}, 
    month={April}, 
    --keywords={Java;polymorphism;software maintenance;software quality;source coding;Eclipse plug-in;JDeodorant;Java source code;polymorphism;refactorings;software maintenance;software quality;type-checking bad smells;Employment;Gettering;Informatics;Java;Object oriented programming;Programming profession;Runtime;Software maintenance;Software quality;Switches;Object oriented programming;Software maintenance;Software quality}, 
    --doi={10.1109/CSMR.2008.4493342}, 
    --ISSN={1534-5351},
}

@inproceedings{Storey2008ICSE, 
    author={Storey, M. and Ryall, J. and Bull, R.I. and Myers, D. and Singer, J.}, 
    booktitle={Proceedings of the 30th International Conference on Software Engineering}, 
    title={TODO or to bug}, 
    year={2008}, 
    pages={251--260}, 
    month={May}, 
    --keywords={groupware;program debugging;public domain software;task analysis;TODO;To Bug;collaborative activity;open source projects;software developers;task annotations;task management;Collaborative software;Collaborative tools;Collaborative work;Embedded software;Open source software;Programming profession;Project management;Protocols;Software development management;Software tools;source code comments;task annotations;work practices}, 
    --doi={10.1145/1368088.1368123}, 
    --ISSN={0270-5257},
}

@article{cohen1960coefficient,
    author={Cohen, Jacob},
    title={A coefficient of agreement for nominal scales},
    year={1960},
    journal={Educational and psychological measurement},
    volume={20},
    number={1},
    pages={37--46},
    --publisher={Durham}
}

@article{fleiss1973equivalence,
    author={Fleiss, Joseph L and Cohen, Jacob},
    title={The equivalence of weighted kappa and the intraclass correlation coefficient as measures of reliability},
    year={1973},
    journal={Educational and Psychological Measurement},
    volume={33},
    number={3},
    month={Oct},
    pages={613--619},
    --publisher={Sage Publications}
}

@book{Manning2008book,
    author= {Christopher D. Manning and Prabhakar Raghavan and Hinrich Sch{\"{u}}tze},
    title= {Introduction to information retrieval},
    publisher= {Cambridge University Press},
    year= {2008},
    --isbn= {978-0-521-86571-5},
    --timestamp= {Wed, 16 Mar 2011 21:36:11 +0100},
    --biburl= {http://dblp.uni-trier.de/rec/bib/books/daglib/0021593},
    --bibsource= {dblp computer science bibliography, http://dblp.org}
}

@inproceedings{Fluri2007WCRE, 
    author={Fluri, B. and Wursch, M. and Gall, H.C.}, 
    booktitle={Proceedings of the 14th Working Conference on Reverse Engineering}, 
    title={Do Code and Comments Co-Evolve? On the Relation between Source Code and Comment Changes}, 
    year={2007}, 
    month={Oct}, 
    pages={70--79}, 
    --keywords={public domain software;reverse engineering;software maintenance;ArgoUML;Azureus;JDT Core;code evolution;comment change;open source systems;program maintenance;program understanding;software development;software system;source code change;Costs;Data mining;History;Informatics;Open source software;Reverse engineering;Software architecture;Software maintenance;Software systems;Taxonomy}, 
    --doi={10.1109/WCRE.2007.21}, 
    --ISSN={1095-1350},
}

@inproceedings{Tan2012ICST, 
    author={Shin Hwei Tan and Marinov, D. and Lin Tan and Leavens, G.T.}, 
    booktitle={Proceedings of the IEEE Fifth International Conference on Software Testing, Verification and Validation}, 
    title={@tComment: Testing Javadoc Comments to Detect Comment-Code Inconsistencies}, 
    year={2012}, 
    month={April}, 
    pages={260--269}, 
    --keywords={Java;application program interfaces;formal specification;natural language processing;program testing;text analysis;@TCOMMENT;API specification;English text analysis;Javadoc comment testing;comment-code inconsistency detection;software artifact;Arrays;Contracts;Educational institutions;Java;Libraries;Synchronization;Testing;comment analysis;random testing;test generation}, 
    --doi={10.1109/ICST.2012.106},
}

 @inproceedings{Malik2008ICSM, 
    author={Malik, H. and Chowdhury, I. and Hsiao-Ming Tsou and Zhen Ming Jiang and Hassan, A.E.}, 
    booktitle={Proceedings of the IEEE International Conference on Software Maintenance}, 
    title={Understanding the rationale for updating a function comment}, 
    year={2008}, 
    month={Sept}, 
    pages={167--176}, 
    --keywords={SQL;database management systems;pattern clustering;public domain software;random processes;FreeBSD;GCluster;PostgreSQL;compilers;database management system;function comment;open source projects;random forests algorithm;sensitivity analysis;software application;Accuracy;Application software;Clustering algorithms;Costs;Database systems;History;Programming profession;Sensitivity analysis;Software engineering;Writing}, 
    --doi={10.1109/ICSM.2008.4658065}, 
    --ISSN={1063-6773},
}

@inproceedings{Brown2010MTD,
    author = {Brown, Nanette and Cai, Yuanfang and Guo, Yuepu and Kazman, Rick and Kim, Miryung and Kruchten, Philippe and Lim, Erin and MacCormack, Alan and Nord, Robert and Ozkaya, Ipek and Sangwan, Raghvinder and Seaman, Carolyn and Sullivan, Kevin and Zazworka, Nico},
    booktitle = {Proceedings of the FSE/SDP Workshop on Future of Software Engineering Research},
    title = {Managing Technical Debt in Software-reliant Systems},
    year = {2010},
    pages = {47--52},
    --series = {FoSER '10},
    --isbn = {978-1-4503-0427-6},
    --location = {Santa Fe, New Mexico, USA},
    --numpages = {6},
    --url = {http://doi.acm.org/10.1145/1882362.1882373},
    --doi = {10.1145/1882362.1882373},
    --acmid = {1882373},
    --publisher = {ACM},
    --address = {New York, NY, USA},
    --keywords = {cost-benefit analysis, design decision trade-off, large-scale system development, software metrics, technical debt},
}

@inproceedings{Zazworka2011MTD,
    author = {Zazworka, Nico and Shaw, Michele A. and Shull, Forrest and Seaman, Carolyn},
    booktitle = {Proceedings of the 2nd International Workshop on Managing Technical Debt},
    title = {Investigating the Impact of Design Debt on Software Quality},
    year = {2011},
    pages = {17--23},
    month ={May},
    --series = {MTD '11},
    --isbn = {978-1-4503-0586-0},
    --location = {Waikiki, Honolulu, HI, USA},
    --numpages = {7},
    --url = {http://doi.acm.org/10.1145/1985362.1985366},
    --doi = {10.1145/1985362.1985366},
    --acmid = {1985366},
    --publisher = {ACM},
    --address = {New York, NY, USA},
    --keywords = {code smells, design debt, god class, maintainability, refactoring, technical debt},
} 

@inproceedings{Fontana2012MTD, 
    author={Fontana, F.A. and Ferme, V. and Spinelli, S.}, 
    booktitle={Proceedings of the 3rd International Workshop on Managing Technical Debt}, 
    title={Investigating the impact of code smells debt on quality code evaluation}, 
    year={2012}, 
    month={June}, 
    pages={15--22}, 
    --keywords={public domain software;software maintenance;software metrics;software quality;application domain;code smell refactoring;code smells debt;design debt;open source system;quality code evaluation;software quality metrics;technical debt;Application software;Complexity theory;Generators;Measurement;Programming;Software quality;code smell refactoring;design debt;software quality metrics}, 
    --doi={10.1109/MTD.2012.6225993},}

@inproceedings{Ernst2015FSE,
    author = {Ernst, Neil A. and Bellomo, Stephany and Ozkaya, Ipek and Nord, Robert L. and Gorton, Ian},
    booktitle = {Proceedings of the 10th Joint Meeting on Foundations of Software Engineering},
    title = {Measure It? Manage It? Ignore It? Software Practitioners and Technical Debt},
    year = {2015},
    pages = {50--60},
    month = {Sept}
    --series = {ESEC/FSE 2015},
    --isbn = {978-1-4503-3675-8},
    --location = {Bergamo, Italy},
    --numpages = {11},
    --url = {http://doi.acm.org/10.1145/2786805.2786848},
    --doi = {10.1145/2786805.2786848},
    --acmid = {2786848},
    --publisher = {ACM},
    --address = {New York, NY, USA},
    --keywords = {Technical debt, architecture, survey},
} 

@inproceedings{Farias2015MTD,
    author={Farias, Mario Andre de Freitas and Neto, Manoel Gomes de Mendonca and Silva, Andre Batista da and Spinola, Rodrigo Oliveira}, 
    booktitle={Proceedings of the 7th International Workshop on Managing Technical Debt}, 
    title={A Contextualized Vocabulary Model for identifying technical debt on code comments}, 
    year={2015}, 
    pages={25--32}, 
    month={Oct},
    --keywords={Context;Context modeling;Data mining;Documentation;Measurement;Software;Vocabulary;Technical debt identification;code comment analysis;mining comment;technical debt indicator}, 
    --doi={10.1109/MTD.2015.7332621}, 
}

@inproceedings{Lormans2006CSRM, 
    author={Lormans, M. and van Deursen, A.}, 
    booktitle={Proceedings of the 10th European Conference on Software Maintenance and Reengineering}, 
    title={Can {LSI} help reconstructing requirements traceability in design and test?}, 
    year={2006}, 
    pages={47--56},
    month={March},
    --series={CSMR},
    --keywords={indexing;information retrieval;program diagnostics;software engineering;information retrieval;latent semantic indexing;software development process;traceability data management;traceability reconstruction;Data mining;Indexing;Industrial relations;Information retrieval;Java;Large scale integration;Programming;Software development management;System testing;Technology management}, 
    --doi={10.1109/CSMR.2006.13}, 
    --ISSN={1534-5351}, 
}

@article{Hayes2005, 
    author={Hayes, J.H. and Dekhtyar, A. and Sundaram, S.K.}, 
    title={Improving after-the-fact tracing and mapping: supporting software quality predictions}, 
    journal={IEEE Software}, 
    year={2005}, 
    volume={22}, 
    number={6}, 
    month={Nov},
    pages={30--37}, 
    --keywords={formal specification;formal verification;information retrieval;software quality;systems analysis;RETRO tool;authoring interface specification;information retrieval technique;requirements engineering;requirements tracing;software development;software engineering;systems engineering;traceability matrices;Automatic testing;Extraterrestrial measurements;Humans;Information retrieval;Internet;Mars;Performance analysis;Proposals;Software quality;Software systems;Requirements tracing;information retrieval;mapping;relevance feedback;traceability}, 
    --doi={10.1109/MS.2005.156}, 
    --ISSN={0740-7459}, 
}

@article{Hayes2006TSE, 
    author={Hayes, J.H. and Dekhtyar, A. and Sundaram, S.K.}, 
    journal={IEEE Transactions on Software Engineering}, 
    title={Advancing candidate link generation for requirements tracing: the study of methods}, 
    year={2006}, 
    volume={32}, 
    number={1}, 
    pages={4--19}, 
    month={Jan},
    --keywords={formal specification;formal verification;software tools;RETRO tool;Requirements Tracing On-target tool;dynamic candidate link generation;independent validation analysis;independent verification analysis;Computer Society;Computer aided software engineering;Feedback;Helium;Information retrieval;Large scale integration;Prototypes;Risk analysis;Spine;System testing;Independent Validation and Verification (IV&V);LSI;Requirements tracing;TF-IDF;Verification and Validation (V&V);dynamic link generation;information retrieval;precision.;recall}, 
    --doi={10.1109/TSE.2006.3}, 
    --ISSN={0098-5589}, 
}

@article{yadla2005tracing,
    author={Yadla, Suresh and Hayes, Jane Huffman and Dekhtyar, Alex},
    title={Tracing requirements to defect reports: an application of information retrieval techniques},
    journal={Innovations in Systems and Software Engineering},
    year={2005},
    volume={1},
    number={2},
    pages={116--124},
    month={Sept},
    --publisher={Springer},
}

@inproceedings{Runeson2007ICSE, 
    author={Runeson, P. and Alexandersson, M. and Nyholm, O.}, 
    booktitle={Proceedings of the 29th International Conference on Software Engineering}, 
    title={Detection of Duplicate Defect Reports Using Natural Language Processing}, 
    year={2007}, 
    pages={499--510}, 
    month={May},
    --series={ICSE},
    --keywords={natural language processing;program testing;software prototyping;Sony Ericsson Mobile Communication;duplicate defect report detection;formal method;natural language processing;prototype tool;software engineering;software testing;user testing;Failure analysis;Mobile communication;Natural language processing;Natural languages;Prototypes;Relays;Robustness;Software engineering;Software testing;Vocabulary}, 
    --doi={10.1109/ICSE.2007.32}, 
    --ISSN={0270-5257}, 
}

@inproceedings{Canfora2005ISSM, 
    author={Canfora, G. and Cerulo, L.}, 
    booktitle={Proceedings of the 11th IEEE International Symposium on Software Metrics}, 
    title={Impact analysis by mining software and change request repositories}, 
    year={2005}, 
    pages={21-29}, 
    month={Sept},
    --keywords={configuration management;data mining;information retrieval;public domain software;Bugzilla;bug tracking system;change request description;change request repository mining;historical source file revision;impact analysis;information retrieval;open-source projects;software repository mining;versioning system;Data analysis;History;Information analysis;Information resources;Information retrieval;Open source software;Performance analysis;Project management;Social network services;Software debugging}, 
    --doi={10.1109/METRICS.2005.28}, 
    --ISSN={1530-1435}, 
}