@article{87,
year={2015},
issn={1382-3256},
journal={Empirical Software Engineering},
doi={10.1007/s10664-015-9370-z},
title={Studying high impact fix-inducing changes},
url={http://dx.doi.org/10.1007/s10664-015-9370-z},
publisher={Springer US},
keywords={Change metrics; Fix-inducing changes; Change impact},
author={Misirli, AyseTosun and Shihab, Emad and Kamei, Yasukata},
pages={1-37},
language={English}
}


@INPROCEEDINGS{Shihab2015ICSME, 
	author={Hao Hu and Hongyu Zhang and Jifeng Xuan and Weigang Sun}, 
	booktitle={Software Reliability Engineering (ISSRE), 2014 IEEE 25th International Symposium on}, 
	title={Effective Bug Triage Based on Historical Bug-Fix Information}, 
	year={2014}, 
	month={Nov}, 
	pages={122-132}, 
	keywords={object-oriented programming;program debugging;DCB network;bug fixer;bug reports;bug triage;developer-component-bug network;historical bug-fix information;open source projects;recommendation method;source code components;Companies;Computational modeling;Computer bugs;Software;Support vector machines;Text categorization;Vectors;bug report assignment;bug repository;bug triage;developer recommendation}, 
	doi={10.1109/ISSRE.2014.17}, 
	ISSN={1071-9458},}